<?xml version="1.0" encoding="UTF-8"?><collection xmlns="http://www.loc.gov/MARC21/slim"><record><leader>00607nam--2200181-i-4500</leader><controlfield tag="001">000014047</controlfield><controlfield tag="002">20161230</controlfield><controlfield tag="005">20161230201030</controlfield><controlfield tag="008">060222s1000------------r-----000-0-fre-d</controlfield><datafield ind1=" " ind2=" " tag="040"><subfield code="a">IFIN-HH</subfield></datafield><datafield ind1=" " ind2=" " tag="041"><subfield code="a">fre</subfield></datafield><datafield ind1=" " ind2=" " tag="080"><subfield code="a">539.12.162.8:539.123.123.6(043)</subfield></datafield><datafield ind1="1" ind2=" " tag="100"><subfield code="a">Devaux, Brigitte</subfield></datafield><datafield ind1="1" ind2="0" tag="245"><subfield code="a">Etude des reactions inclusives semi-leptoniques de type courant neutre dans les interactions de neutrinos et d'antineutrinos entre 12 et 200 gev</subfield><subfield code="b">These</subfield><subfield code="c">Brigitte devaux</subfield></datafield><datafield ind1=" " ind2=" " tag="260"><subfield code="a">Orsay</subfield><subfield code="b">Universite De Paris-sud</subfield><subfield code="c">1978</subfield></datafield><datafield ind1=" " ind2=" " tag="300"><subfield code="a">130P.+ FIG</subfield></datafield><datafield ind1=" " ind2=" " tag="852"><subfield code="a">49695</subfield><subfield code="c">539.12</subfield></datafield><datafield ind1=" " ind2=" " tag="CAT"><subfield code="a">Sys</subfield><subfield code="c">20111208</subfield><subfield code="h">125839</subfield></datafield></record></collection>